<record><leader>00000cas a22000007a 4500</leader><controlfield tag="001">11868141</controlfield><controlfield tag="008">850330d19791981wiuwr ne      0    0eng d</controlfield><datafield ind1=" " ind2=" " tag="010"><subfield code="a">sn 85040381 </subfield></datafield><datafield ind1=" " ind2=" " tag="040"><subfield code="a">NPV</subfield><subfield code="b">eng</subfield><subfield code="c">NPV</subfield><subfield code="d">NSD</subfield><subfield code="d">OCLCQ</subfield></datafield><datafield ind1=" " ind2=" " tag="042"><subfield code="a">msc</subfield></datafield><datafield ind1=" " ind2=" " tag="043"><subfield code="a">n-us-wi</subfield></datafield><datafield ind1=" " ind2=" " tag="045"><subfield code="a">x7x8</subfield></datafield><datafield ind1=" " ind2=" " tag="052"><subfield code="a">4123</subfield><subfield code="b">D3</subfield></datafield><datafield ind1="0" ind2="4" tag="245"><subfield code="a">The Courier hub.</subfield></datafield><datafield ind1="1" ind2="7" tag="246"><subfield code="a">Stoughton courier hub</subfield></datafield><datafield ind1=" " ind2=" " tag="260"><subfield code="a">Stoughton, Wis. :</subfield><subfield code="b">Stoughton Newspapers,</subfield><subfield code="c">1979-1981.</subfield></datafield><datafield ind1=" " ind2=" " tag="300"><subfield code="a">3 v. :</subfield><subfield code="b">ill.</subfield></datafield><datafield ind1=" " ind2=" " tag="310"><subfield code="a">Weekly</subfield></datafield><datafield ind1="0" ind2=" " tag="362"><subfield code="a">Vol. 101, no. 33 (Nov. 8, 1979)-v. 103, no. 13 (July 2, 1981).</subfield></datafield><datafield ind1=" " ind2=" " tag="500"><subfield code="a">Editor: S. Ehle, May 21, 1981-July 2, 1981.</subfield></datafield><datafield ind1=" " ind2=" " tag="530"><subfield code="a">Available on microfilm from The State Historical Society of Wisconsin.</subfield></datafield><datafield ind1=" " ind2=" " tag="752"><subfield code="a">United States</subfield><subfield code="b">Wisconsin</subfield><subfield code="c">Dane</subfield><subfield code="d">Stoughton.</subfield></datafield><datafield ind1="0" ind2="4" tag="780"><subfield code="t">Stoughton courier (Stoughton, Wis. : 1954)</subfield><subfield code="w">(DLC)sn 85040382</subfield></datafield><datafield ind1="0" ind2="4" tag="780"><subfield code="t">Stoughton hub (Stoughton, Wis. : 1954)</subfield><subfield code="w">(DLC)sn 85040379</subfield></datafield><datafield ind1="0" ind2="0" tag="785"><subfield code="t">Stoughton courier hub (Stoughton, Wis. : 1981)</subfield><subfield code="x">1049-0655</subfield><subfield code="w">(DLC)sn 85040380</subfield></datafield><datafield ind1="1" ind2=" " tag="029"><subfield code="a">AU@</subfield><subfield code="b">000025800061</subfield></datafield></record>